@article{DBLP:journals/corr/KingmaW13,
  author    = {Diederik P. Kingma and
               Max Welling},
  title     = {Auto-Encoding Variational Bayes},
  journal   = {CoRR},
  volume    = {abs/1312.6114},
  year      = {2013},
  url       = {http://arxiv.org/abs/1312.6114},
  timestamp = {Wed, 07 Jun 2017 14:40:08 +0200},
  biburl    = {http://dblp.uni-trier.de/rec/bib/journals/corr/KingmaW13},
  bibsource = {dblp computer science bibliography, http://dblp.org}
}

@incollection{NIPS2014_5423,
title = {Generative Adversarial Nets},
author = {Goodfellow, Ian and Pouget-Abadie, Jean and Mirza, Mehdi and Xu, Bing and Warde-Farley, David and Ozair, Sherjil and Courville, Aaron and Bengio, Yoshua},
booktitle = {Advances in Neural Information Processing Systems 27},
editor = {Z. Ghahramani and M. Welling and C. Cortes and N. D. Lawrence and K. Q. Weinberger},
pages = {2672--2680},
year = {2014},
publisher = {Curran Associates, Inc.},
url = {http://papers.nips.cc/paper/5423-generative-adversarial-nets.pdf}
}

@inproceedings{DBLP:conf/nips/VondrickPT16,
  author    = {Carl Vondrick and
               Hamed Pirsiavash and
               Antonio Torralba},
  title     = {Generating Videos with Scene Dynamics},
  booktitle = {Advances in Neural Information Processing Systems 29: Annual Conference
               on Neural Information Processing Systems 2016, December 5-10, 2016,
               Barcelona, Spain},
  pages     = {613--621},
  year      = {2016},
  crossref  = {DBLP:conf/nips/2016},
  url       = {http://papers.nips.cc/paper/6194-generating-videos-with-scene-dynamics},
  timestamp = {Thu, 13 Jul 2017 11:49:39 +0200},
  biburl    = {http://dblp.uni-trier.de/rec/bib/conf/nips/VondrickPT16},
  bibsource = {dblp computer science bibliography, http://dblp.org}
}

@article{DBLP:journals/corr/BottouCN16,
  author    = {L{\'{e}}on Bottou and
               Frank E. Curtis and
               Jorge Nocedal},
  title     = {Optimization Methods for Large-Scale Machine Learning},
  journal   = {CoRR},
  volume    = {abs/1606.04838},
  year      = {2016},
  url       = {http://arxiv.org/abs/1606.04838},
  timestamp = {Wed, 07 Jun 2017 14:40:44 +0200},
  biburl    = {http://dblp.uni-trier.de/rec/bib/journals/corr/BottouCN16},
  bibsource = {dblp computer science bibliography, http://dblp.org}
}

@book{Villani,
    author = {Villani, C\'{e}dric},
    citeulike-article-id = {5975037},
    citeulike-linkout-0 = {http://www.amazon.ca/exec/obidos/redirect?tag=citeulike09-20\&amp;path=ASIN/3540710493},
    citeulike-linkout-1 = {http://www.amazon.de/exec/obidos/redirect?tag=citeulike01-21\&amp;path=ASIN/3540710493},
    citeulike-linkout-2 = {http://www.amazon.fr/exec/obidos/redirect?tag=citeulike06-21\&amp;path=ASIN/3540710493},
    citeulike-linkout-3 = {http://www.amazon.jp/exec/obidos/ASIN/3540710493},
    citeulike-linkout-4 = {http://www.amazon.co.uk/exec/obidos/ASIN/3540710493/citeulike00-21},
    citeulike-linkout-5 = {http://www.amazon.com/exec/obidos/redirect?tag=citeulike07-20\&path=ASIN/3540710493},
    citeulike-linkout-6 = {http://www.worldcat.org/isbn/3540710493},
    citeulike-linkout-7 = {http://books.google.com/books?vid=ISBN3540710493},
    citeulike-linkout-8 = {http://www.amazon.com/gp/search?keywords=3540710493\&index=books\&linkCode=qs},
    citeulike-linkout-9 = {http://www.librarything.com/isbn/3540710493},
    day = {30},
    edition = {2009},
    howpublished = {Hardcover},
    isbn = {3540710493},
    month = sep,
    posted-at = {2010-06-08 15:50:09},
    priority = {5},
    publisher = {Springer},
    series = {Grundlehren der mathematischen Wissenschaften},
    title = {{Optimal Transport: Old and New}},
    url = {http://www.amazon.com/exec/obidos/redirect?tag=citeulike07-20\&path=ASIN/3540710493},
    year = {2008}
}

@article{benamou_2003,
    author={Benamou, Jean-David},
    title={Numerical resolution of an “unbalanced” mass transport problem},
    volume={37},
    DOI={10.1051/m2an:2003058},
    number={5},
    journal={ESAIM: Mathematical Modelling and Numerical Analysis},
    publisher={EDP Sciences},
    year={2003},
    pages={851–868}
}

@article{DBLP:journals/corr/BausoGT17,
  author    = {Dario Bauso and
               Jian Gao and
               Hamidou Tembine},
  title     = {Distributionally Robust Games, Part {I:} f-Divergence and Learning},
  journal   = {CoRR},
  volume    = {abs/1702.05371},
  year      = {2017},
  url       = {http://arxiv.org/abs/1702.05371},
  timestamp = {Wed, 07 Jun 2017 14:43:11 +0200},
  biburl    = {http://dblp.uni-trier.de/rec/bib/journals/corr/BausoGT17},
  bibsource = {dblp computer science bibliography, http://dblp.org}
}

@article{DBLP:journals/corr/ArjovskyB17,
  author    = {Mart{\'{\i}}n Arjovsky and
               L{\'{e}}on Bottou},
  title     = {Towards Principled Methods for Training Generative Adversarial Networks},
  journal   = {CoRR},
  volume    = {abs/1701.04862},
  year      = {2017},
  url       = {http://arxiv.org/abs/1701.04862},
  timestamp = {Wed, 07 Jun 2017 14:40:42 +0200},
  biburl    = {http://dblp.uni-trier.de/rec/bib/journals/corr/ArjovskyB17},
  bibsource = {dblp computer science bibliography, http://dblp.org}
}

@inproceedings{DBLP:conf/icml/SrivastavaMS15,
  author    = {Nitish Srivastava and
               Elman Mansimov and
               Ruslan Salakhutdinov},
  title     = {Unsupervised Learning of Video Representations using LSTMs},
  booktitle = {Proceedings of the 32nd International Conference on Machine Learning,
               {ICML} 2015, Lille, France, 6-11 July 2015},
  pages     = {843--852},
  year      = {2015},
  crossref  = {DBLP:conf/icml/2015},
  url       = {http://jmlr.org/proceedings/papers/v37/srivastava15.html},
  timestamp = {Wed, 29 Mar 2017 16:45:25 +0200},
  biburl    = {http://dblp.uni-trier.de/rec/bib/conf/icml/SrivastavaMS15},
  bibsource = {dblp computer science bibliography, http://dblp.org}
}

@incollection{NIPS2016_6578,
title = {Dynamic Filter Networks},
author = {Jia, Xu and De Brabandere, Bert and Tuytelaars, Tinne and Gool, Luc V},
booktitle = {Advances in Neural Information Processing Systems 29},
editor = {D. D. Lee and M. Sugiyama and U. V. Luxburg and I. Guyon and R. Garnett},
pages = {667--675},
year = {2016},
publisher = {Curran Associates, Inc.},
url = {http://papers.nips.cc/paper/6578-dynamic-filter-networks.pdf}
}


%%%%%%%%%%%%%%%%%%%%%%%%% 20180201 %%%%%%%%%%%%%%%%%%%%%%%%%%%%%

@incollection{Hinton:1986:LRB:104279.104291,
 author = {Hinton, G. E. and Sejnowski, T. J.},
 chapter = {Learning and Relearning in Boltzmann Machines},
 title = {Parallel Distributed Processing: Explorations in the Microstructure of Cognition, Vol. 1},
 editor = {Rumelhart, David E. and McClelland, James L. and PDP Research Group, CORPORATE},
 year = {1986},
 isbn = {0-262-68053-X},
 pages = {282--317},
 numpages = {36},
 url = {http://dl.acm.org/citation.cfm?id=104279.104291},
 acmid = {104291},
 publisher = {MIT Press},
 address = {Cambridge, MA, USA},
}

@ARTICLE{6796877,
author={N. Le Roux and Y. Bengio},
journal={Neural Computation},
title={Representational Power of Restricted Boltzmann Machines and Deep Belief Networks},
year={2008},
volume={20},
number={6},
pages={1631-1649},
keywords={},
doi={10.1162/neco.2008.04-07-510},
ISSN={0899-7667},
month={June},}

@ARTICLE{6796673,
author={G. E. Hinton and S. Osindero and Y. W. Teh},
journal={Neural Computation},
title={A Fast Learning Algorithm for Deep Belief Nets},
year={2006},
volume={18},
number={7},
pages={1527-1554},
keywords={},
doi={10.1162/neco.2006.18.7.1527},
ISSN={0899-7667},
month={July},}

@article{DBLP:journals/corr/LiSZ15,
  author    = {Yujia Li and
               Kevin Swersky and
               Richard S. Zemel},
  title     = {Generative Moment Matching Networks},
  journal   = {CoRR},
  volume    = {abs/1502.02761},
  year      = {2015},
  url       = {http://arxiv.org/abs/1502.02761},
  archivePrefix = {arXiv},
  eprint    = {1502.02761},
  timestamp = {Wed, 07 Jun 2017 14:40:47 +0200},
  biburl    = {http://dblp.org/rec/bib/journals/corr/LiSZ15},
  bibsource = {dblp computer science bibliography, http://dblp.org}
}

@Article{Aghassi2006,
author="Aghassi, Michele
and Bertsimas, Dimitris",
title="Robust game theory",
journal="Mathematical Programming",
year="2006",
month="Jun",
day="01",
volume="107",
number="1",
pages="231--273",
abstract="We present a distribution-free model of incomplete-information games, both with and without private information, in which the players use a robust optimization approach to contend with payoff uncertainty. Our ``robust game'' model relaxes the assumptions of Harsanyi's Bayesian game model, and provides an alternative distribution-free equilibrium concept, which we call ``robust-optimization equilibrium,'' to that of the ex post equilibrium. We prove that the robust-optimization equilibria of an incomplete-information game subsume the ex post equilibria of the game and are, unlike the latter, guaranteed to exist when the game is finite and has bounded payoff uncertainty set. For arbitrary robust finite games with bounded polyhedral payoff uncertainty sets, we show that we can compute a robust-optimization equilibrium by methods analogous to those for identifying a Nash equilibrium of a finite game with complete information. In addition, we present computational results.",
issn="1436-4646",
doi="10.1007/s10107-005-0686-0",
url="https://doi.org/10.1007/s10107-005-0686-0"
}

@article{Bertsimas:2011:TAR:2079012.2079015,
 author = {Bertsimas, Dimitris and Brown, David B. and Caramanis, Constantine},
 title = {Theory and Applications of Robust Optimization},
 journal = {SIAM Rev.},
 issue_date = {August 2011},
 volume = {53},
 number = {3},
 month = aug,
 year = {2011},
 issn = {0036-1445},
 pages = {464--501},
 numpages = {38},
 url = {http://dx.doi.org/10.1137/080734510},
 doi = {10.1137/080734510},
 acmid = {2079015},
 publisher = {Society for Industrial and Applied Mathematics},
 address = {Philadelphia, PA, USA},
 keywords = {adaptable optimization, applications of robust optimization, robust optimization, robustness},
}

@inproceedings{DBLP:conf/nips/Cuturi13,
  author    = {Marco Cuturi},
  title     = {Sinkhorn Distances: Lightspeed Computation of Optimal Transport},
  booktitle = {Advances in Neural Information Processing Systems 26: 27th Annual
               Conference on Neural Information Processing Systems 2013. Proceedings
               of a meeting held December 5-8, 2013, Lake Tahoe, Nevada, United States.},
  pages     = {2292--2300},
  year      = {2013},
  crossref  = {DBLP:conf/nips/2013},
  url       = {http://papers.nips.cc/paper/4927-sinkhorn-distances-lightspeed-computation-of-optimal-transport},
  timestamp = {Fri, 31 Jan 2014 12:11:40 +0100},
  biburl    = {http://dblp.org/rec/bib/conf/nips/Cuturi13},
  bibsource = {dblp computer science bibliography, http://dblp.org}
}

@article{DBLP:journals/corr/ArjovskyCB17,
  author    = {Mart{\'{\i}}n Arjovsky and
               Soumith Chintala and
               L{\'{e}}on Bottou},
  title     = {Wasserstein {GAN}},
  journal   = {CoRR},
  volume    = {abs/1701.07875},
  year      = {2017},
  url       = {http://arxiv.org/abs/1701.07875},
  archivePrefix = {arXiv},
  eprint    = {1701.07875},
  timestamp = {Wed, 07 Jun 2017 14:41:42 +0200},
  biburl    = {http://dblp.org/rec/bib/journals/corr/ArjovskyCB17},
  bibsource = {dblp computer science bibliography, http://dblp.org}
}

@article{DBLP:journals/siamis/PapadakisPO14,
  author    = {Nicolas Papadakis and
               Gabriel Peyr{\'{e}} and
               {\'{E}}douard Oudet},
  title     = {Optimal Transport with Proximal Splitting},
  journal   = {{SIAM} J. Imaging Sciences},
  volume    = {7},
  number    = {1},
  pages     = {212--238},
  year      = {2014},
  url       = {https://doi.org/10.1137/130920058},
  doi       = {10.1137/130920058},
  timestamp = {Thu, 08 Jun 2017 09:08:11 +0200},
  biburl    = {http://dblp.org/rec/bib/journals/siamis/PapadakisPO14},
  bibsource = {dblp computer science bibliography, http://dblp.org}
}

@inproceedings{liu2015faceattributes,
 author = {Ziwei Liu and Ping Luo and Xiaogang Wang and Xiaoou Tang},
 title = {Deep Learning Face Attributes in the Wild},
 booktitle = {Proceedings of International Conference on Computer Vision (ICCV)},
 month = December,
 year = {2015}
}

@book{scarf1957min,
  title={A Min-max Solution of an Inventory Problem},
  author={Scarf, H.E.},
  series={P (Rand Corporation)},
  url={https://books.google.com/books?id=7XfgGwAACAAJ},
  year={1957},
  publisher={Rand Corporation}
}

@article{DBLP:journals/corr/WuBSG16,
  author    = {Yuhuai Wu and
               Yuri Burda and
               Ruslan Salakhutdinov and
               Roger B. Grosse},
  title     = {On the Quantitative Analysis of Decoder-Based Generative Models},
  journal   = {CoRR},
  volume    = {abs/1611.04273},
  year      = {2016},
  url       = {http://arxiv.org/abs/1611.04273},
  archivePrefix = {arXiv},
  eprint    = {1611.04273},
  timestamp = {Wed, 07 Jun 2017 14:43:01 +0200},
  biburl    = {http://dblp.org/rec/bib/journals/corr/WuBSG16},
  bibsource = {dblp computer science bibliography, http://dblp.org}
}

@article{DBLP:journals/corr/BausoGT17,
  author    = {Dario Bauso and
               Jian Gao and
               Hamidou Tembine},
  title     = {Distributionally Robust Games, Part {I:} f-Divergence and Learning},
  journal   = {CoRR},
  volume    = {abs/1702.05371},
  year      = {2017},
  url       = {http://arxiv.org/abs/1702.05371},
  archivePrefix = {arXiv},
  eprint    = {1702.05371},
  timestamp = {Wed, 07 Jun 2017 14:43:11 +0200},
  biburl    = {http://dblp.org/rec/bib/journals/corr/BausoGT17},
  bibsource = {dblp computer science bibliography, http://dblp.org}
}

@article{BREGMAN1967200,
title = "The relaxation method of finding the common point of convex sets and its application to the solution of problems in convex programming",
journal = "USSR Computational Mathematics and Mathematical Physics",
volume = "7",
number = "3",
pages = "200 - 217",
year = "1967",
issn = "0041-5553",
doi = "https://doi.org/10.1016/0041-5553(67)90040-7",
url = "http://www.sciencedirect.com/science/article/pii/0041555367900407",
author = "L.M. Bregman"
}

@inproceedings{Solomon:2014:WPS:3044805.3044841,
 author = {Solomon, Justin and Rustamov, Raif M. and Guibas, Leonidas and Butscher, Adrian},
 title = {Wasserstein Propagation for Semi-supervised Learning},
 booktitle = {Proceedings of the 31st International Conference on International Conference on Machine Learning - Volume 32},
 series = {ICML'14},
 year = {2014},
 location = {Beijing, China},
 pages = {I-306--I-314},
 url = {http://dl.acm.org/citation.cfm?id=3044805.3044841},
 acmid = {3044841},
 publisher = {JMLR.org},
}

@inproceedings{DBLP:conf/nips/SalimansGZCRCC16,
  author    = {Tim Salimans and
               Ian J. Goodfellow and
               Wojciech Zaremba and
               Vicki Cheung and
               Alec Radford and
               Xi Chen},
  title     = {Improved Techniques for Training GANs},
  booktitle = {Advances in Neural Information Processing Systems 29: Annual Conference
               on Neural Information Processing Systems 2016, December 5-10, 2016,
               Barcelona, Spain},
  pages     = {2226--2234},
  year      = {2016},
  crossref  = {DBLP:conf/nips/2016},
  url       = {http://papers.nips.cc/paper/6125-improved-techniques-for-training-gans},
  timestamp = {Fri, 03 Mar 2017 14:59:41 +0100},
  biburl    = {http://dblp.org/rec/bib/conf/nips/SalimansGZCRCC16},
  bibsource = {dblp computer science bibliography, http://dblp.org}
}

@article{DBLP:journals/corr/ArjovskyB17,
  author    = {Mart{\'{\i}}n Arjovsky and
               L{\'{e}}on Bottou},
  title     = {Towards Principled Methods for Training Generative Adversarial Networks},
  journal   = {CoRR},
  volume    = {abs/1701.04862},
  year      = {2017},
  url       = {http://arxiv.org/abs/1701.04862},
  archivePrefix = {arXiv},
  eprint    = {1701.04862},
  timestamp = {Wed, 07 Jun 2017 14:40:42 +0200},
  biburl    = {http://dblp.org/rec/bib/journals/corr/ArjovskyB17},
  bibsource = {dblp computer science bibliography, http://dblp.org}
}

@article{sinkhorn1967,
author = "Sinkhorn, Richard and Knopp, Paul",
fjournal = "Pacific Journal of Mathematics",
journal = "Pacific J. Math.",
number = "2",
pages = "343--348",
publisher = "Pacific Journal of Mathematics, A Non-profit Corporation",
title = "Concerning nonnegative matrices and doubly stochastic matrices.",
url = "https://projecteuclid.org:443/euclid.pjm/1102992505",
volume = "21",
year = "1967"
}

@article{DBLP:journals/corr/RadfordMC15,
  author    = {Alec Radford and
               Luke Metz and
               Soumith Chintala},
  title     = {Unsupervised Representation Learning with Deep Convolutional Generative
               Adversarial Networks},
  journal   = {CoRR},
  volume    = {abs/1511.06434},
  year      = {2015},
  url       = {http://arxiv.org/abs/1511.06434},
  archivePrefix = {arXiv},
  eprint    = {1511.06434},
  timestamp = {Wed, 07 Jun 2017 14:40:30 +0200},
  biburl    = {http://dblp.org/rec/bib/journals/corr/RadfordMC15},
  bibsource = {dblp computer science bibliography, http://dblp.org}
}

@article{DBLP:journals/corr/Ruder16,
  author    = {Sebastian Ruder},
  title     = {An overview of gradient descent optimization algorithms},
  journal   = {CoRR},
  volume    = {abs/1609.04747},
  year      = {2016},
  url       = {http://arxiv.org/abs/1609.04747},
  archivePrefix = {arXiv},
  eprint    = {1609.04747},
  timestamp = {Wed, 07 Jun 2017 14:40:06 +0200},
  biburl    = {http://dblp.org/rec/bib/journals/corr/Ruder16},
  bibsource = {dblp computer science bibliography, http://dblp.org}
}

@article{DBLP:journals/corr/TheisOB15,
  author    = {Lucas Theis and
               A{\"{a}}ron van den Oord and
               Matthias Bethge},
  title     = {A note on the evaluation of generative models},
  journal   = {CoRR},
  volume    = {abs/1511.01844},
  year      = {2015},
  url       = {http://arxiv.org/abs/1511.01844},
  archivePrefix = {arXiv},
  eprint    = {1511.01844},
  timestamp = {Wed, 07 Jun 2017 14:40:25 +0200},
  biburl    = {http://dblp.org/rec/bib/journals/corr/TheisOB15},
  bibsource = {dblp computer science bibliography, http://dblp.org}
}

@article{sion1958,
author = "Sion, Maurice",
fjournal = "Pacific Journal of Mathematics",
journal = "Pacific J. Math.",
number = "1",
pages = "171--176",
publisher = "Pacific Journal of Mathematics, A Non-profit Corporation",
title = "On general minimax theorems.",
url = "https://projecteuclid.org:443/euclid.pjm/1103040253",
volume = "8",
year = "1958"
}

@article{DBLP:journals/ior/Soyster73,
  author    = {Allen L. Soyster},
  title     = {Technical Note - Convex Programming with Set-Inclusive Constraints
               and Applications to Inexact Linear Programming},
  journal   = {Operations Research},
  volume    = {21},
  number    = {5},
  pages     = {1154--1157},
  year      = {1973},
  url       = {https://doi.org/10.1287/opre.21.5.1154},
  doi       = {10.1287/opre.21.5.1154},
  timestamp = {Sat, 27 May 2017 14:23:36 +0200},
  biburl    = {http://dblp.org/rec/bib/journals/ior/Soyster73},
  bibsource = {dblp computer science bibliography, http://dblp.org}
}

@misc{1706.00292,
Author = {Aude Genevay and Gabriel Peyré and Marco Cuturi},
Title = {Learning Generative Models with Sinkhorn Divergences},
Year = {2017},
Eprint = {arXiv:1706.00292},
}

@article{Moreau1965,
author = {Moreau, J.J.},
journal = {Bulletin de la Société Mathématique de France},
keywords = {functional analysis},
language = {fre},
pages = {273-299},
publisher = {Société mathématique de France},
title = {Proximité et dualité dans un espace hilbertien},
url = {http://eudml.org/doc/87067},
volume = {93},
year = {1965},
}

@book{yoshida_1995, place={Berlin}, title={Functional analysis}, publisher={Springer}, author={Yoshida, Kosaku}, year={1995}}


@misc{Lichman:2013 ,
author = "M. Lichman",
year = "2013",
title = "{UCI} Machine Learning Repository",
url = "http://archive.ics.uci.edu/ml",
institution = "University of California, Irvine, School of Information and Computer Sciences" }
